<?xml version="1.0" encoding="UTF-8"?><record xmlns="http://www.loc.gov/MARC21/slim" xmlns:cinclude="http://apache.org/cocoon/include/1.0" xmlns:zs="http://www.loc.gov/zing/srw/">
  <leader>00354nz  a2200133n  4500</leader>
  <controlfield tag="001">no2001094479</controlfield>
  <controlfield tag="003">DLC</controlfield>
  <controlfield tag="005">20011129071147.0</controlfield>
  <controlfield tag="008">011128n| acannaabn          |n aaa     c</controlfield>
  <datafield tag="010" ind1=" " ind2=" ">
    <subfield code="a">no2001094479</subfield>
  </datafield>
  <datafield tag="035" ind1=" " ind2=" ">
    <subfield code="a">(OCoLC)oca05634958</subfield>
  </datafield>
  <datafield tag="040" ind1=" " ind2=" ">
    <subfield code="a">MnManS</subfield>
    <subfield code="b">eng</subfield>
    <subfield code="c">MnManS</subfield>
  </datafield>
  <datafield tag="100" ind1="1" ind2=" ">
    <subfield code="a">Nelson, Karl Gene</subfield>
  </datafield>
  <datafield tag="670" ind1=" " ind2=" ">
    <subfield code="a">Hypermnesia and reminiscence, 1997</subfield>
    <subfield code="b">(Karl Gene Nelson)</subfield>
  </datafield>
</record>